
@article{youtube-original,
 author = {Paul Covington, Jay Adams, and Emre Sargin.},
 title = {Deep neural networks for youtube recommendations},
 journal={Proceedings of the 10th ACM conference on recommender systems},
 year = 2016
}

@article{Alpher02,
author = {d},
title = {Frobnication},
journal = {Journal of Foo},
volume = 12, 
number = 1, 
pages = {234--778}, 
year = 2002
}

@article{Alpher03,
author = {Paul Covington, Jay Adams},
title = {Frobnication revisited},
journal = {Journal of Foo},
volume = 13, 
number = 1, 
pages = {234--778}, 
year = 2003
}

@article{4539688, 
author={X. {Cheng} and C. {Dale} and J. {Liu}}, booktitle={2008 16th Interntional Workshop on Quality of Service}, title={Statistics and Social Network of YouTube Videos}, year={2008}, volume={}, number={}, pages={229-238}}

@article{SEAL,
  title={Link Prediction Based on Graph Neural Networks},
  author={Zhang, Muhan and Chen, Yixin},
  journal={arXiv preprint arXiv:1802.09691},
  year={2018}
}

@article{node2vec,
  title={node2vec: Scalable Feature Learning for Networks},
  author={Aditya Grover, Jure Leskovec},
  journal={ACM SIGKDD International Conference on Knowledge Discovery and Data Mining (KDD)},
  year={2018}
}

@article{lucas-hu,
    title={Representation learning for link prediction within social networks},
    author={Lucas Hu; Thomas Kipf; Gökçen Eraslan},
    year={2018}
}

@article{spectral-embed,
    author={Andrew V. Knyazev},
    title={Toward the Optimal Preconditioned Eigensolver: Locally Optimal Block Preconditioned Conjugate Gradient Method},
    note{https://doi.org/10.1137%2FS1064827500366124}
}

@article{Ng01onspectral,
    author = {Andrew Y. Ng and Michael I. Jordan and Yair Weiss},
    title = {On Spectral Clustering: Analysis and an algorithm},
    booktitle = {ADVANCES IN NEURAL INFORMATION PROCESSING SYSTEMS },
    year = {2001},
    pages = {849--856},
    publisher = {MIT Press}
}

@article{link-prediction-social-network,
    title={The link prediction problem for social networks},
    author={David Liben-Nowell and Jon Kleinberg},
    journal={In Proceedings of the Twelfth International Conference on Information and Knowledge Management, CIKM '03},
    pages={556--559}
    year = 2003
}

@article{within-cluster-common-neighbor,
    title={Link prediction in complex networks based on cluster information},
    author={Jorge Carlos Valverde-Rebaza and Alneu de Andrade Lopes},
    journal={In Proceedings of the 21st Brazilian conference on Advances in Artificial Intelligence= (SBIA'12). https://doi.org/10.1007/978-3-642-34459-6_10}
}

@article{community-common-neighbor,
    title={Using community information to improve the precision of link prediction methods},
    author={Sucheta Soundarajan and John Hopcroft},
    journal={In Proceedings of the 21st international conference companion on World Wide Web (WWW ‘12 Companion).}
}

@article{DGCNN,
    title={An end-to-end deep learning architecture for graph classification},
    author={Zhang, Muhan, Cui, Zhicheng, Neumann, Marion, and Chen, Yixin},
    year={2018},
    journal={AAAI}
}
% @article{Alpher04,
% author = {Paul Covington, Jay Adams},
% title = {Can a machine frobnicate?},
% journal = {Journal of Foo},
% volume = 14, 
% number = 1, 
% pages = {234--778}, 
% year = 2004
% }
